<record><leader>00000cas a2200000 a 4500</leader><controlfield tag="001">19689903</controlfield><controlfield tag="008">890510d1886189uvauwr ne      0    0eng c</controlfield><datafield ind1=" " ind2=" " tag="010"><subfield code="a">sn 89071265 </subfield></datafield><datafield ind1=" " ind2=" " tag="040"><subfield code="a">NYS</subfield><subfield code="b">eng</subfield><subfield code="c">NYS</subfield><subfield code="d">NVK</subfield><subfield code="d">NVF</subfield><subfield code="d">OCLCQ</subfield><subfield code="d">OCLCF</subfield><subfield code="d">OCLCO</subfield></datafield><datafield ind1="1" ind2=" " tag="029"><subfield code="a">AU@</subfield><subfield code="b">000020555862</subfield></datafield><datafield ind1=" " ind2=" " tag="042"><subfield code="a">pcc</subfield></datafield><datafield ind1=" " ind2=" " tag="043"><subfield code="a">n-us-va</subfield></datafield><datafield ind1="0" ind2="0" tag="245"><subfield code="a">Weekly Virginian and Carolinian.</subfield></datafield><datafield ind1="3" ind2=" " tag="246"><subfield code="a">Virginian weekly and Carolinian</subfield></datafield><datafield ind1="1" ind2="7" tag="246"><subfield code="a">Virginian and Carolinian</subfield></datafield><datafield ind1=" " ind2=" " tag="260"><subfield code="a">Norfolk, Va. :</subfield><subfield code="b">M. Glennan,</subfield><subfield code="c">1886-</subfield></datafield><datafield ind1=" " ind2=" " tag="300"><subfield code="a">v.</subfield></datafield><datafield ind1=" " ind2=" " tag="310"><subfield code="a">Weekly</subfield></datafield><datafield ind1="1" ind2=" " tag="362"><subfield code="a">Ceased in 1898?</subfield></datafield><datafield ind1="0" ind2=" " tag="362"><subfield code="a">Vol. 17, no. 46 (Nov. 25, 1886)-</subfield></datafield><datafield ind1=" " ind2=" " tag="580"><subfield code="a">Norfolk Virginian (Norfolk, Va. : 1877), 1886-&lt;1898&gt;.</subfield></datafield><datafield ind1=" " ind2=" " tag="588"><subfield code="a">Latest issue consulted: Vol. 55, no. 58 (Jan. 28, 1898).</subfield></datafield><datafield ind1=" " ind2="0" tag="651"><subfield code="a">Norfolk (Va.)</subfield><subfield code="v">Newspapers.</subfield></datafield><datafield ind1=" " ind2="7" tag="655"><subfield code="a">Newspapers.</subfield><subfield code="2">fast</subfield><subfield code="0">(OCoLC)fst01423814</subfield></datafield><datafield ind1=" " ind2="7" tag="651"><subfield code="a">Virginia</subfield><subfield code="z">Norfolk.</subfield><subfield code="2">fast</subfield><subfield code="0">(OCoLC)fst01206844</subfield></datafield><datafield ind1=" " ind2=" " tag="752"><subfield code="a">United States</subfield><subfield code="b">Virginia</subfield><subfield code="d">Norfolk.</subfield></datafield><datafield ind1="1" ind2=" " tag="775"><subfield code="t">Norfolk Virginian (Norfolk, Va. : 1865 : Daily)</subfield><subfield code="w">(DLC)sn 85025715</subfield></datafield><datafield ind1="0" ind2="0" tag="780"><subfield code="t">Weekly Virginian (Norfolk, Va. : 1877)</subfield><subfield code="w">(DLC)sn 86071770</subfield><subfield code="w">(OCoLC)13991223</subfield></datafield></record>